@article{therac-25-accidents,
	author  = {N. G. {Leveson} and C. S. {Turner}},
	journal = {Computer},
	title   = {An investigation of the {Therac-25} accidents},
	year    = {1993},
	volume  = {26},
	number  = {7},
	pages   = {18-41},
	doi     = {10.1109/MC.1993.274940}
}

@misc{time-carplay-qnx,
  author = {D. {Amoth}},
  title = {Apple {CarPlay} runs on {BlackBerry} {QNX}},
  year = 2014,
  howpublished = "\url{https://time.com/12452/gasp-apple-carplay-software-runs-on-blackberrys-qnx-platform/}",
  lastchecked = {2021-03-03}
}

@misc{gh-tesla-linux,
  key = {TeslaGithub},
  organization = {Tesla Motors OSS},
  title = {Tesla {Linux} for {Tegra}},
  year = 2020,
  howpublished = "\url{https://github.com/teslamotors/linux}",
  lastchecked = {2021-03-03}
}
